<<<<<<< HEAD
@misc{DGZfP-Kompendium,
	author = {DGZfP-Fachausschuss},
	year = {2018},
	title = {{Kompendium Schallemissionspr{\"u}fung Acoustic Emission Testing (AT)}},
	url = {http://www.dgzfp.de/Portals/24/PDFs/FA/KompendiumAT.pdf},
	note = {(zuletzt abgerufen am: 03.05.2020)}
}




@misc{Brankamp_prospekt,
	author = {Brankamp},
	year = {o.D.},
	title = {{(ProcessMonitoring: Stanzen, Pr{"a}gen, Ziehen, Lochen)}},
	url = {http://www.brankamp.com/de/data/files/stanzen/prospekt_pw_de.pdf},
	note = {(zuletzt abgerufen am: 03.05.2020)}
}


% This file was created with Citavi 6.4.0.35

@misc{CanOnder.15.01.2004,
	abstract = {Grobe Einf{\"u}hrung in die Datenclusterung},
	author = {{Can {\"O}nder}},
	year = {15.01.2004},
	title = {Clustering: Hauptseminar Machine Learnig},
	keywords = {Clustering, Data-clustering},
	url = {}
}


% This file was created with Citavi 6.4.0.35

@misc{PhilipPlohn.2014,
	author = {{Philip Pl{\"o}hn}},
	year = {2014},
	title = {Kategorisierung von Indizes zur Clustervalidierung},
	keywords = {Cluster, Clusterindizes, Clustervalidierung},
	address = {Darmstadt},
	institution = {{Technische Universit{\"a}t Darmstadt}}
}


% Conrad Powerbank Bild 
@misc{Conrad.14.02.2020,
	author = {Conrad},
	year = {o.D.},
	title = {{(Bild: Varta Portable Slim Powerbank)}},
	url = {https://www.conrad.de/de/p/varta-portable-slim-powerbank-zusatzakku-lipo-6000-mah-57965101111-1533802.html},
	note = {(zuletzt abgerufen am: 03.03.2020)}
}

% Knochenbohren 
@misc{UniBremen.21.04.2020,
	author = {InnoWi GmbH},
	year = {o.D.},
	title = {{(Bild: Intelli-Drill - Bohren und Messen in einem Schritt)}},
	url = {https://www.innowi.de/de/unsere_patente/details/intelli-drill---knochenbohrer-un388},
	note = {(zuletzt abgerufen am: 21.04.2020)}
}

@misc{Dentsply.21.04.2020,
	author = {Dentsply Sirona},
	year = {o.D.},
	title = {{(Bild:Bohrprotokoll spong. Knochen)}},
	url = {
https://www.dentsplysirona.com/content/dam/dentsply/pim/de_DE/Implants/Implant_systems/Astra_Tech_Implant_System/Surgical/Astra%20Tech%20Implant%20System%20-%20Chirurgiehandbuch.pdf},
	note = {(zuletzt abgerufen am: 21.04.2020)}
}


% This file was created with Citavi 6.3.0.0
@article{Feng.2016,
 author = {Feng, Guo-Hua and Chen, Wei-Ming},
 year = {2016},
 title = {Piezoelectric-film-based acoustic emission sensor array with thermoactuator for monitoring knee joint conditions},
 pages = {180--191},
 volume = {246},
 issn = {09244247},
 journal = {Sensors and Actuators A: Physical},
 doi = {10.1016/j.sna.2016.05.025}
}


% This file was created with Citavi 6.3.0.0
@patent{Axel.26.08.2011,
 author = {Axel, Freyberg and Dirk, St{\"o}bener and Gert, Goch and Michael, Sorg and R{\"u}diger, Spicher},
 year = {26.08.2011},
 title = {UN388{\_}Patentschrift: Patentschrift},
 number = {DE 102011 111 671 B4},
}


% This file was created with Citavi 6.3.0.0

@article{ ,
 author = {Teague, Caitlin N. and Hersek, Sinan and Toreyin, Hakan and Millard-Stafford, Mindy L. and Jones, Michael L. and Kogler, Geza F. and Sawka, Michael N. and Inan, Omer T.},
 year = {2016},
 title = {Novel Methods for Sensing Acoustical Emissions From the Knee for Wearable Joint Health Assessment},
 pages = {1581--1590},
 volume = {63},
 number = {8},
 journal = {IEEE transactions on bio-medical engineering},
 doi = {10.1109/TBME.2016.2543226},
 file = {Das Attachment wird angefügt…},
 file = {http://www.ncbi.nlm.nih.gov/pubmed/27008656}
}


% This file was created with Citavi 6.3.0.0

@article{Teague.2016,

 author = {Teague, Caitlin N. and Hersek, Sinan and Toreyin, Hakan and Millard-Stafford, Mindy L. and Jones, Michael L. and Kogler, Geza F. and Sawka, Michael N. and Inan, Omer T.},
 year = {2016},
 title = {Novel Methods for Sensing Acoustical Emissions From the Knee for Wearable Joint Health Assessment},
 pages = {1581--1590},
 volume = {63},
 number = {8},
 journal = {IEEE transactions on bio-medical engineering},
 doi = {10.1109/TBME.2016.2543226},
 file = {Das Attachment wird angefügt…},
 file = {http://www.ncbi.nlm.nih.gov/pubmed/27008656}
}

% This file was created with Citavi 6.3.0.0

@article{Faisal.2019,

 author = {Faisal, Abu Ilius and Majumder, Sumit and Mondal, Tapas and Cowan, David and Naseh, Sasan and Deen, M. Jamal},
 year = {2019},
 title = {Monitoring Methods of Human Body Joints: State-of-the-Art and Research Challenges},
 volume = {19},
 number = {11},
 journal = {Sensors (Basel, Switzerland)},
 doi = {10.3390/s19112629},
 file = {Das Attachment wird angefügt…},
 file = {http://www.ncbi.nlm.nih.gov/pubmed/31185629},
 file = {https://www.ncbi.nlm.nih.gov/pmc/articles/PMC6603670}
}

% This file was created with Citavi 6.3.0.0

@article{Liao.2016,
 author = {Liao, Zhirong and Axinte, Dragos A.},
 year = {2016},
 title = {On monitoring chip formation, penetration depth and cutting malfunctions in bone micro-drilling via acoustic emission},
 pages = {82--93},
 volume = {229},
 issn = {09240136},
 journal = {Journal of Materials Processing Technology},
 doi = {10.1016/j.jmatprotec.2015.09.016}
}

% This file was created with Citavi 6.3.0.0

@inproceedings{Torun.2018,
 author = {Torun, Yunis and Ozturk, Ahmet and Hatipoglu, Nursu and Oztemur, Zekeriya},
 title = {Breakthrough detection for orthopedic bone drilling via power spectral density estimation of acoustic emission},
 pages = {1--5},
 publisher = {IEEE},
 isbn = {978-1-5386-5135-3},
 booktitle = {Scientific Meeting on Electrical-Electronics {\&} Biomedical Engineering {\&} Computer Science},
 year = {2018?},
 address = {[Piscataway, New Jersey]},
 doi = {10.1109/EBBT.2018.8391464},
 file = {https://ieeexplore.ieee.org/document/8391464/}
}

@misc{SMARTdrill.2020,
	author = {Smart Medical Devices INC.},
	year = {o.D.},
	title = {{SMARTdrill 6.0}},
	url = {https://www.https://smartmeddevices.com/smartdrill-6-0/},
	note = {(zuletzt abgerufen am: 21.09.2020)}
}

@article{Oppermann.2019,
	author = {Oppermann, Birgit},
	year = {2019},
	title = {Ein gesch{\"a}digtes Gelenk klinkt anders},
	number = {02},
	journal = {Medizin und Technik},
	pages = {16-17}
}

% This file was created with Citavi 6.3.0.0

@article{McCoy.1987,
	author = {McCoy, G. F. and McCrea, J. D. and Beverland and Kernohan, W. G. and Mollan, R. A.},
	year = {1987},
	title = {Vibration arthrography as a diagnostic aid in diseases of the knee. A preliminary report},
	volume = {69-B},
	number = {2},
	journal = {Journal of Bone and Joint Surgery},
	doi = {10.1302/0301-620X.69B2.3818762},
	pages = {288--293}
}








